@article{intriguing,
    author    = {Christian Szegedy and
        Wojciech Zaremba and
            Ilya Sutskever and
            Joan Bruna and
            Dumitru Erhan and
            Ian J. Goodfellow and
            Rob Fergus},
    title     = {Intriguing properties of neural networks},
    journal   = {CoRR},
    volume    = {abs/1312.6199},
    year      = {2013},
    url       = {http://arxiv.org/abs/1312.6199},
    archivePrefix = {arXiv},
    eprint    = {1312.6199},
    timestamp = {Wed, 07 Jun 2017 14:41:52 +0200},
    biburl    = {https://dblp.org/rec/bib/journals/corr/SzegedyZSBEGF13},
    bibsource = {dblp computer science bibliography, https://dblp.org}
}

@article{explaining,
    title={Explaining and harnessing adversarial examples},
    author={Goodfellow, Ian J and Shlens, Jonathon and Szegedy, Christian},
    journal={arXiv preprint arXiv:1412.6572},
    year={2014}
}

@article{distil,
    author    = {Nicolas Papernot and
        Patrick D. McDaniel and
            Xi Wu and
            Somesh Jha and
            Ananthram Swami},
    title     = {Distillation as a Defense to Adversarial Perturbations against Deep
        Neural Networks},
    journal   = {CoRR},
    volume    = {abs/1511.04508},
    year      = {2015},
    url       = {http://arxiv.org/abs/1511.04508},
    archivePrefix = {arXiv},
    eprint    = {1511.04508},
    timestamp = {Wed, 07 Jun 2017 14:43:10 +0200},
    biburl    = {https://dblp.org/rec/bib/journals/corr/PapernotMWJS15},
    bibsource = {dblp computer science bibliography, https://dblp.org}
}

@article{space,
    title={The space of transferable adversarial examples},
    author={Tram{\`e}r, Florian and Papernot, Nicolas and Goodfellow, Ian and Boneh, Dan and McDaniel, Patrick},
    journal={arXiv preprint arXiv:1704.03453},
    year={2017}
}

@article{policy,
    title={Adversarial attacks on neural network policies},
    author={Huang, Sandy and Papernot, Nicolas and Goodfellow, Ian and Duan, Yan and Abbeel, Pieter},
    journal={arXiv preprint arXiv:1702.02284},
    year={2017}
}

@article{audio,
    title={Audio Adversarial Examples: Targeted Attacks on Speech-to-Text},
    author={Carlini, Nicholas and Wagner, David},
    journal={arXiv preprint arXiv:1801.01944},
    year={2018}
}

@article{robust,
    title={Towards deep learning models resistant to adversarial attacks},
    author={Madry, Aleksander and Makelov, Aleksandar and Schmidt, Ludwig and Tsipras, Dimitris and Vladu, Adrian},
    journal={arXiv preprint arXiv:1706.06083},
    year={2017}
}

@article{ensemble,
    title={Ensemble adversarial training: Attacks and defenses},
    author={Tram{\`e}r, Florian and Kurakin, Alexey and Papernot, Nicolas and Boneh, Dan and McDaniel, Patrick},
    journal={arXiv preprint arXiv:1705.07204},
    year={2017}
}

@article{hash1,
    author = {Turcanik, Michal and Javurek, Martin},
    year = {2016},
    month = {10},
    pages = {1-5},
    title = {Hash function generation by neural network}
}

@article{hash2,
    author    = {Shiguo Lian and
        Jinsheng Sun and
            Zhiquan Wang},
    title     = {One-way Hash Function Based on Neural Network},
    journal   = {CoRR},
    volume    = {abs/0707.4032},
    year      = {2007},
    url       = {http://arxiv.org/abs/0707.4032},
    archivePrefix = {arXiv},
    eprint    = {0707.4032},
    timestamp = {Wed, 07 Jun 2017 14:40:10 +0200},
    biburl    = {https://dblp.org/rec/bib/journals/corr/abs-0707-4032},
    bibsource = {dblp computer science bibliography, https://dblp.org}
}
